% This file was created with JabRef 2.10.
% Encoding: UTF-8


@inproceedings{tobin_evaluation_2010,
	address = {New York, NY, USA},
	series = {{GIR} '10},
	title = {Evaluation of georeferencing},
	isbn = {978-1-60558-826-1},
	url = {https://doi.org/10.1145/1722080.1722089},
	doi = {10.1145/1722080.1722089},
	abstract = {In this paper we describe a georeferencing system which first uses Information Extraction techniques to identify place names in textual documents and which then resolves the place names against a choice of gazetteers. We have used the system to georeference three digitised historical collections and have evaluated its performance against human annotated gold standard samples from the three collections. We have also evaluated its performance on the SpatialML corpus which is a geo-annotated corpus of newspaper text. The main focus of this paper is the evaluation of georesolution and we discuss evaluation methods and issues arising from the evaluation.},
	urldate = {2023-11-07},
	booktitle = {Proceedings of the 6th {Workshop} on {Geographic} {Information} {Retrieval}},
	publisher = {Association for Computing Machinery},
	author = {Tobin, Richard and Grover, Claire and Byrne, Kate and Reid, James and Walsh, Jo},
	month = feb,
	year = {2010},
	keywords = {evaluation, georeferencing, named entity recognition, toponym resolution},
	pages = {1--8},
	file = {Submitted Version:C\:\\Users\\Stanislav\\Zotero\\storage\\YP2SGA8P\\Tobin et al. - 2010 - Evaluation of georeferencing.pdf:application/pdf},
}


@book{leidner_toponym_2008,
	address = {Boca Raton},
	title = {Toponym {Resolution} in {Text}: {Annotation}, {Evaluation} and {Applications} of {Spatial} {Grounding} of {Place} {Names}},
	isbn = {978-1-58112-384-5},
	shorttitle = {Toponym {Resolution} in {Text}},
	language = {English},
	publisher = {Dissertation.com},
	author = {Leidner, Jochen L.},
	month = jan,
	year = {2008},
}


@article{radisch2019automated,
  title={Automated Geo-resolution of Place Names in Historical Serial Sources},
  author={Radisch, Erik},
  year={2019}
}


@article{little_abydos,
	title = {Abydos {Documentation}},
	language = {en},
	author = {Little, Christopher C},
	file = {Little - Abydos Documentation.pdf:C\:\\Users\\Stanislav\\Zotero\\storage\\PBBZQLYP\\Little - Abydos Documentation.pdf:application/pdf},
}

@misc{chrislitabydos,
	title = {chrislit/abydos: {Abydos} {NLP}/{IR} library for {Python}},
	url = {https://github.com/chrislit/abydos},
	urldate = {2023-11-02},
	howpublished = "\url{https://github.com/chrislit/abydos}",
	note = "[Online; accessed 2023-11-02]"
}

@misc{geonames,
	title = {{GeoNames}},
	url = {https://www.geonames.org/},
	urldate = {2023-11-02},
	howpublished = "\url{https://www.geonames.org/}",
	note = "[Online; accessed 2023-11-02]"
}


@misc{openstreetmap,
	title = {{OpenStreetMap}},
	url = {https://www.openstreetmap.org/},
	abstract = {OpenStreetMap is a map of the world, created by people like you and free to use under an open license.},
	language = {en},
	urldate = {2023-11-06},
	journal = {OpenStreetMap},
	file = {Snapshot:C\:\\Users\\Stanislav\\Zotero\\storage\\6FPXH44B\\www.openstreetmap.org.html:text/html},
	howpublished = "\url{https://www.openstreetmap.org/}",
	note = "[Online; accessed 2023-11-06]"
}


@misc{wikidata,
	title = {Wikidata},
	url = {https://www.wikidata.org/wiki/Wikidata:Main_Page},
	urldate = {2023-11-06},
	howpublished = "\url{https://www.wikidata.org}",
	note = "[Online; accessed 2023-11-06]"
}


@misc{getty,
	title = {Getty {Thesaurus} of {Geographic} {Names} ({Getty} {Research} {Institute})},
	url = {https://www.getty.edu/research/tools/vocabularies/tgn/index.html},
	urldate = {2023-11-07},
	howpublished = "\url{https://www.getty.edu/research/tools/vocabularies/tgn/index.html}",
	note = "[Online; accessed 2023-11-07]"
}


@Misc{Adams:2017,
  Title                    = {Ruby port of UEALite Stemmer},
  Author                   = {Adams, Jason},
  Year                     = {2017},
  Url                      = {https://github.com/ealdent/uea-stemmer}
}

@Article{Amon:2012,
  Title                    = {Algoritmo fon{\'{e}}tico para detecci{\'{o}}n de cadenas de texto duplicadas en el idioma espa{\~{n}}ol},
  Author                   = {Am{\'{o}}n, Iv{\'{a}}n and Moreno, Francisco and Echeverri, Jaime},
  Journal                  = {Revista Ingenierías Universidad de Medellín},
  Year                     = {2012},
  Month                    = jun,
  Number                   = {20},
  Pages                    = {127--138},
  Volume                   = {11},
  ISSN                     = {1692-3324},
  Url                      = {http://www.scielo.org.co/scielo.php?pid=S1692-33242012000100011&script=sci_abstract&tlng=es}
}

@TechReport{Axelsson:2009,
  Title                    = {SfinxBis},
  Author                   = {Axelsson, P{\aa}l},
  Institution              = {Swedish Alliance for Middleware Infrastructure},
  Year                     = {2009},
  Month                    = apr,
  Url                      = {http://www.swami.se/download/18.248ad5af12aa8136533800091/SfinxBis.pdf}
}

@InProceedings{Bartolini:2002,
  Title                    = {String Matching with Metric Trees Using an Approximate Distance},
  Author                   = {Bartolini, Ilaria and Ciaccia, Paolo and Patella, Marco},
  Booktitle                = {SPIRE 2002: String Processing and Information Retrieval},
  Year                     = {2002},
  Address                  = {Berlin, Heidelberg},
  Editor                   = {Laender, {Alberto H. F.} and Oliveira, {Arlindo L.}},
  Pages                    = {271--283},
  Publisher                = {Springer Berlin Heidelberg},
  Doi                      = {10.1007/3-540-45735-6_24},
  ISBN                     = {978-3-540-45735-0},
  Url                      = {http://www-db.disi.unibo.it/research/papers/SPIRE02.pdf}
}

@Article{Beider:2008,
  Title                    = {Beider-Morse Phonetic Matching: An Alternative to Soundex with Fewer False Hits},
  Author                   = {Beider, Alexander and Morse, {Stephen P.}},
  Journal                  = {International Review of Jewish Genealogy},
  Year                     = {2008},
  Month                    = {Summer},
  Number                   = {1},
  Url                      = {https://stevemorse.org/phonetics/bmpm.htm}
}

@Article{Bouchard:1981,
  Title                    = {FONEM: Un code de transcription phon{\'{e}}tique pour la reconstitution automatique des familles saguenayennes},
  Author                   = {Bouchard, G{\'{e}}rard and Brard, Patrick and Lavoie, Yolande},
  Journal                  = {Population},
  Year                     = {1981},
  Number                   = {6},
  Volume                   = {36},
  Doi                      = {10.2307/1532326},
  Url                      = {http://www.persee.fr/doc/pop_0032-4663_1981_num_36_6_17248}
}

@Misc{Boyce:1998,
  Title                    = {Information on the Refined Soundex Algorithm},
  Author                   = {Boyce, {Carolyn B.}},
  Month                    = nov,
  Year                     = {1998},
  Url                      = {https://web.archive.org/web/20010513121003/http://www.bluepoof.com:80/Soundex/info2.html}
}

@Article{Boytsov:2011,
  Title                    = {Indexing Methods for Approximate Dictionary Searching: Comparative Analysis},
  Author                   = {Boytsov, Leonid},
  Journal                  = {Journal of Experimental Algorithmics},
  Year                     = {2011},
  Month                    = may,
  Pages                    = {1.1:1.1--1.1:1.91},
  Volume                   = {16},
  Acmid                    = {1963191},
  Address                  = {New York, NY, USA},
  Articleno                = {1.1},
  Doi                      = {10.1145/1963190.1963191},
  ISSN                     = {1084-6654},
  Issue_date               = {2011},
  Keywords                 = {k-errata tree, q-gram, q-sample, Damerau-Levenshtein distance, Levenshtein distance, NR-grep, agrep, approximate searching, frequency distance, frequency vector trie, metric trees, neighborhood generation, trie},
  Numpages                 = {1.81},
  Publisher                = {ACM}
}

@TechReport{Burrows:1994,
  Title                    = {A block sorting lossless data compression algorithm},
  Author                   = {Burrows, Michael and Wheeler, {David J.}},
  Institution              = {Digital Equipment Corporation},
  Year                     = {1994},

  Address                  = {Palo Alto},
  Month                    = may,
  Number                   = {124},
  Type                     = {SRC Research Report},

  Url                      = {http://www.hpl.hp.com/techreports/Compaq-DEC/SRC-RR-124.html}
}

@TechReport{Caumanns:1999,
  Title                    = {A Fast and Simple Stemming Algorithm for German Words},
  Author                   = {Caumanns, J{\"{o}}rg},
  Institution              = {Free University of Berlin},
  Year                     = {1999},

  Url                      = {https://refubium.fu-berlin.de/bitstream/handle/fub188/18405/tr-b-99-16.pdf}
}

@Misc{Christen:2011,
  Title                    = {Febrl (Freely extensible biomedical record linkage) -- encode.py},
  Author                   = {Christen, Peter},
  Month                    = dec,
  Year                     = {2011},
  Url                      = {https://sourceforge.net/projects/febrl/}
}

@Misc{Churchill:2005,
  Title                    = {UEAstem.java},
  Author                   = {Churchill, Richard},
  Url                      = {http://lemur.cmp.uea.ac.uk/Research/stemmer/UEAstem.java}
}

@Article{Cilibrasi:2005,
  Title                    = {Clustering by compression},
  Author                   = {Cilibrasi, Rudi and Vitanyi, {Paul Michael B{\'{e}}la}},
  Journal                  = {IEEE Transactions on Information Theory},
  Year                     = {2005},
  Month                    = apr,
  Number                   = {4},
  Pages                    = {1523--1545},
  Volume                   = {51},
  Doi                      = {10.1109/TIT.2005.844059},
  ISSN                     = {0018-9448},
  Keywords                 = {genetics;data compression;data analysis;cellular biophysics;data mining;pattern clustering;hierarchical unsupervised clustering;NCD;normalized compression distance;compressed data files;Kolmogorov complexity;distance matrix;dendrogram;quartet method;public software;mammalian evolution;mitochondrial genomic analysis;Eutherian order;Marsupionta hypothesis;Theria hypothesis;heterogenous data analysis;parameter-free data mining;quartet tree method;universal dissimilarity distance;Genomics;Bioinformatics;Robustness;Compressors;Clustering methods;Data mining;Application software;Astronomy;Dictionaries;Sorting;Heterogenous data analysis;hierarchical unsupervised clustering;Kolmogorov complexity;normalized compression distance;parameter-free data mining;quartet tree method;universal dissimilarity distance},
  Url                      = {https://ieeexplore.ieee.org/document/1412045}
}

@Article{Cislak:2017,
  Title                    = {Lightweight Fingerprints for Fast Approximate Keyword Matching Using Bitwise Operations},
  Author                   = {Cis{\l}ak, Aleksander and Grabowski, Szymon},
  Journal                  = {CoRR},
  Year                     = {2017},
  Volume                   = {abs/1711.08475},

  Archiveprefix            = {arXiv},
  Bibsource                = {dblp computer science bibliography, https://dblp.org},
  Biburl                   = {https://dblp.org/rec/bib/journals/corr/abs-1711-08475},
  Eprint                   = {1711.08475},
  Url                      = {http://arxiv.org/abs/1711.08475}
}

@Misc{rosettacode:2018,
  Title                    = {Run-length encoding},

  Author                   = {Rosetta Code},
  Year                     = {2018},

  Url                      = {https://rosettacode.org/wiki/Run-length_encoding#Python}
}

@Misc{rosettacode:2018b,
  Title                    = {Longest common subsequence},

  Author                   = {Rosetta Code},
  Year                     = {2018},

  Url                      = {http://rosettacode.org/wiki/Longest_common_subsequence#Dynamic_Programming_6}
}

@TechReport{Cunningham:1969,
  Title                    = {A Study of the Organization and Search of Bibliographic Holdings in On-Line Computer Systems: Phase I},
  Author                   = {Cunningham, {Jay L.} and others},
  Institution              = {University of California, Berkleley, Institute of Library Research},
  Year                     = {1969},
  Month                    = {{mar}},

  Url                      = {https://files.eric.ed.gov/fulltext/ED029679.pdf}
}

@Misc{Dalke:2005,
  Title                    = {Arithmetic Coder (Python Recipe)},

  Author                   = {Dalke, Andrew},
  Year                     = {2005},

  Url                      = {http://code.activestate.com/recipes/306626/}
}

@Article{Damerau:1964,
  Title                    = {A Technique for Computer Detection and Correction of Spelling Errors},
  Author                   = {Damerau, {Fred J.}},
  Journal                  = {Communications of the ACM},
  Year                     = {1964},

  Month                    = mar,
  Number                   = {3},
  Pages                    = {171--176},
  Volume                   = {7},

  Acmid                    = {363994},
  Address                  = {New York, NY, USA},
  Doi                      = {10.1145/363958.363994},
  ISSN                     = {0001-0782},
  Issue_date               = {March 1964},
  Numpages                 = {6},
  Publisher                = {ACM}
}

@Article{Davidson:1962,
  Title                    = {Retrieval of Misspelled Names in an Airlines Passenger Record System},
  Author                   = {Davidson, Leon},
  Journal                  = {Communications of the ACM},
  Year                     = {1962},

  Month                    = mar,
  Number                   = {3},
  Pages                    = {169--171},
  Volume                   = {5},

  Acmid                    = {366913},
  Address                  = {New York, NY, USA},
  Doi                      = {10.1145/366862.366913},
  ISSN                     = {0001-0782},
  Issue_date               = {March 1962},
  Numpages                 = {3},
  Publisher                = {ACM}
}

@Misc{dcm4che:2011,
  Title                    = {{DICOM} Toolkit \& Library: Phonem.java},
  Author                   = {dcm4che},
  Organization             = {dcm4che},
  Url                      = {https://github.com/dcm4che/dcm4che/blob/master/dcm4che-soundex/src/main/java/org/dcm4che3/soundex/Phonem.java}
}

@InProceedings{delPilarAngeles:2016,
  Title                    = {Performance of Spanish Encoding Functions during Record Linkage},
  Author                   = {{del Pilar Angeles}, Mar{\'{\i}}a and Bail{\'{o}}n-Miguel, Noemi},
  Booktitle                = {DATA ANALYTICS 2016: The Fifth International Conference on Data Analysis},
  Year                     = {2016},
  Pages                    = {1--7},

  Url                      = {https://core.ac.uk/download/pdf/55855695.pdf#page=14}
}

@InProceedings{delPilarAngeles:2015,
  Title                    = {Comparison of a Modified Spanish Phonetic, Soundex, and Phonex coding functions during data matching process},
  Author                   = {{del Pilar Angeles}, Mar{\'{\i}}a and Espino-Gamez, Adri{\'{a}}n and Gil-Moncada, Jonathan},
  Booktitle                = {2015 International Conference on Informatics, Electronics Vision (ICIEV)},
  Year                     = {2015},
  Month                    = jun,
  Pages                    = {1--5},

  Doi                      = {10.1109/ICIEV.2015.7334028},
  Keywords                 = {natural language processing;pattern matching;speech coding;phonex coding function;Spanish encoding function identification;data matching process;precision recall;f-measure;modified Spanish Phonetic Soundex function;phonetic coding function;Encoding;Indexing;Couplings;Prototypes;Measurement;Data visualization;data matching;de-duplication;record linkage},
  Url                      = {https://www.researchgate.net/publication/285589803_Comparison_of_a_Modified_Spanish_Phonetic_Soundex_and_Phonex_coding_functions_during_data_matching_process}
}

@Article{Dice:1945,
  Title                    = {Measures of the Amount of Ecologic Association Between Species},
  Author                   = {Dice, {Lee R.}},
  Journal                  = {Ecology},
  Year                     = {1945},
  Number                   = {3},+
  Pages                    = {297--302},
  Volume                   = {26},

  Doi                      = {10.2307/1932409},
  Url                      = {https://www.jstor.org/stable/1932409}
}

@Article{Dolby:1970,
  Title                    = {An Algorithm For Variable-Length Proper-Name Compression},
  Author                   = {Dolby, {James L.}},
  Journal                  = {Journal of Library Automation},
  Year                     = {1970},
  Number                   = {4},
  Pages                    = {257--275},
  Volume                   = {3},

  Doi                      = {10.6017/ital.v3i4.5259},
  Url                      = {https://ejournals.bc.edu/ojs/index.php/ital/article/download/5259/4734}
}

@TechReport{Elovitz:1976,
  Title                    = {Automatic Translation of English Text to PPhonetic by Means of Letter-to-Sound Rules},
  Author                   = {Elovitz, {Honey S.} and Johnson, {Rodney W.} and McHugh, Astrid and Shore, {John E.}},
  Institution              = {Naval Research Laboratory},
  Year                     = {1976},

  Address                  = {Washington, D.C.},
  Number                   = {7948, document AD/A021 929},
  Type                     = {NRL Report}
}

@Article{Furnohr:2002,
  Title                    = {Zusammenf{\"{u}}hrung von Datenbest{\"{a}}nden ohne numerische Identifikatoren: ein Verfahren im Rahmen der Testuntersuchungen zu einem registergest{\"{u}}tzten Zensus},
  Author                   = {F{\"{u}}rnrohr, Michael and Rimmelspacher, Birgit and von Roncador, Tilman},
  Journal                  = {Bayern in Zahlen},
  Year                     = {2002},
  Number                   = {7},
  Pages                    = {308--321},
  Volume                   = {2002},

  Url                      = {https://www.statistik.bayern.de/medien/statistik/zensus/zusammenf__hrung_von_datenbest__nden_ohne_numerische_identifikatoren.pdf}
}

@Article{Gadd:1990,
  Title                    = {PHONIX: The algorithm},
  Author                   = {Gadd, {T. N.}},
  Journal                  = {Program},
  Year                     = {1990},
  Number                   = {4},
  Pages                    = {363--366},
  Volume                   = {24},

  Doi                      = {10.1108/eb047069}
}

@Misc{Garshol:2015,
  Title                    = {Norphone Comparator},

  Author                   = {Garshol, {Lars Marius}},
  Year                     = {2015},

  Url                      = {https://github.com/larsga/Duke/blob/master/duke-core/src/main/java/no/priv/garshol/duke/comparators/NorphoneComparator.java}
}

@Article{Wilde:1988,
  Title                    = {Nicht w{\"{o}}rtlich genommen, 'Schreibweisentolerante' Suchroutine in dBASE implementiert},
  Author                   = {Georg, Wilde and Meyer, Carsten},
  Journal                  = {c't Magazin für Computer Technik},
  Year                     = {1988},

  Month                    = oct,
  Number                   = {10},
  Pages                    = {126--131}
}

@InProceedings{Gill:1997,
  Title                    = {OX-LINK: The Oxford Medical Record Linkage System},
  Author                   = {Gill, {Leicester E.}},
  Booktitle                = {Record Linkage Techniques},
  Year                     = {1997},

  Address                  = {Washington, D.C.},
  Month                    = mar,
  Organization             = {Federal Committee on Statistical Methodology},
  Publisher                = {Office of Management and Budget},

  Url                      = {https://pdfs.semanticscholar.org/fff7/02a3322e05c282a84064ee085e589ef74584.pdf}
}

@Article{Gotoh:1982,
  Title                    = {An improved algorithm for matching biological sequences},
  Author                   = {Gotoh, Osamu},
  Journal                  = {Journal of Molecular Biology},
  Year                     = {1982},
  Number                   = {3},
  Pages                    = {705--708},
  Volume                   = {162},

  Doi                      = {10.1016/0022-2836(82)90398-9},
  ISSN                     = {0022-2836},
  Url                      = {http://www.sciencedirect.com/science/article/pii/0022283682903989}
}

@InProceedings{Gross:1991,
  Title                    = {Getty Synoname: The Development of Software for Personal Name Pattern Matching},
  Author                   = {Gross, {Aaron D.}},
  Booktitle                = {Intelligent Text and Image Handling - Volume 2},
  Year                     = {1991},
  Address                  = {Paris, France, France},
  Pages                    = {754--763},
  Publisher                = {LE CENTRE DE HAUTES ETUDES INTERNATIONALES D'INFORMATIQUE DOCUMENTAIRE},
  Series                   = {RIAO '91},
  Acmid                    = {3171021},
  Location                 = {Barcelona, Spain},
  Numpages                 = {10},
  Url                      = {http://dl.acm.org/citation.cfm?id=3171004.3171021}
}

@Misc{Haase:2000,
  Title                    = {Die Erweiterte K{\"{o}}lner Phonetik},
  Author                   = {Haase, Martin and Heitmann, Kai},
  Year                     = {2000}
}

@Article{Hamming:1950,
  Title                    = {Error detecting and error correcting codes},
  Author                   = {Hamming, {R. W.}},
  Journal                  = {The Bell System Technical Journal},
  Year                     = {1950},

  Month                    = apr,
  Number                   = {2},
  Pages                    = {147--160},
  Volume                   = {29},

  Doi                      = {10.1002/j.1538-7305.1950.tb00463.x},
  ISSN                     = {0005-8580},
  Url                      = {https://ieeexplore.ieee.org/document/6772729/}
}

@Article{Harman:1991,
  Title                    = {How Effective Is Stemming?},
  Author                   = {Harman, Donna},
  Journal                  = {Journal of the American Society for Information Science},
  Year                     = {1991},
  Number                   = {1},
  Pages                    = {7--15},
  Volume                   = {42},

  Doi                      = {10.1002/(SICI)1097-4571(199101)42:1%3C7::AID-ASI2%3E3.0.CO;2-P},
  Url                      = {http://citeseerx.ist.psu.edu/viewdoc/download?doi=10.1.1.104.9828&rep=rep1&type=pdf}
}

@Article{Henry:1976,
  Title                    = {Projet de transcription phon{\'{e}}tique des noms de famille},
  Author                   = {Henry, Louis},
  Journal                  = {Annales de Démographie Historique},
  Year                     = {1976},
  Pages                    = {201--214},
  Volume                   = {1976},

  Url                      = {https://www.persee.fr/doc/adh_0066-2062_1976_num_1976_1_1313}
}

@InCollection{Hershberg:1979,
  Title                    = {Verkettung von Daten: Record Linkage am Beispiel des Philadelphia Social History Project},
  Author                   = {Hershberg, Theodore and Burstein, Alan and Dockhorn, Robert},
  Booktitle                = {Moderne Stadtgeschichte},
  Publisher                = {Klett-Cotta},
  Year                     = {1979},
  Editor                   = {Schröder, {Wilhelm Heinz}},
  Pages                    = {35--73},
  Volume                   = {8},

  ISBN                     = {3-12-911080-1},
  Url                      = {https://www.ssoar.info/ssoar/handle/document/32782},
  Urn                      = {http://nbn-resolving.de/urn:nbn:de:0168-ssoar-327824}
}

@Article{Hershberg:1976,
  Title                    = {Record Linkage},
  Author                   = {Hershberg, Theodore and Burstein, Alan and Dockhorn, Robert},
  Journal                  = {Historical Methods Newsletter},
  Year                     = {1976},
  Number                   = {2--3},
  Pages                    = {137--163},
  Volume                   = {9},

  Doi                      = {10.1080/00182494.1976.10112639}
}

@InProceedings{Holmes:2002,
  Title                    = {Improving precision and recall for Soundex retrieval},
  Author                   = {Holmes, David and McCabe, {M. Catherine}},
  Booktitle                = {Proceedings. International Conference on Information Technology: Coding and Computing},
  Year                     = {2002},
  Month                    = apr,
  Pages                    = {22--26},
  Doi                      = {10.1109/ITCC.2002.1000354},
  Keywords                 = {relevance feedback;linguistics;precision;recall;Soundex retrieval;phonetic algorithm;name searches;phonetic codes;digrams;Dice coefficient;similarity score;Pfeifer corpus;relevance assessments;Information retrieval;Computer errors;Government;Fuses;Information systems;Libraries;Cultural differences;Information technology},
  Url                      = {https://ieeexplore.ieee.org/document/1000354/}
}

@TechReport{Hood:2004,
  Title                    = {Caverphone Revisited},
  Author                   = {Hood, David},
  Institution              = {University of Otago},
  Year                     = {2004},
  Address                  = {Dunedin, New Zealand},
  Month                    = dec,
  Number                   = {CTP150804},
  Url                      = {https://caversham.otago.ac.nz/files/working/ctp150804.pdf}
}

@TechReport{Hood:2002,
  Title                    = {CaveSystem: Phonetic Matching algorithm},
  Author                   = {Hood, David},
  Institution              = {University of Otago},
  Year                     = {2002},

  Address                  = {Dunedin, New Zealand},
  Month                    = sep,
  Number                   = {CTP060902},

  Url                      = {https://caversham.otago.ac.nz/files/working/ctp060902.pdf}
}

@Manual{IBM:1973,
  Title                    = {Alpha Search Inquiry System, General Information Manual},

  Address                  = {White Plains, NY},
  Author                   = {{IBM Corporation}},
  Year                     = {1973}
}

@Misc{Getty:1991,
  Title                    = {Synoname},

  Author                   = {{J. Paul Getty Trust}, The},
  Year                     = {1991},

  Address                  = {Los Angeles},
  Organization             = {The J. Paul Getty Trust},
  Url                      = {http://www.cs.cmu.edu/Groups/AI/areas/nlp/misc/synoname/synoname.zip}
}

@Article{Jaccard:1901,
  Title                    = {Distribution de la flore alpine dans le bassin des Dranses et dans quelques r{\'{e}}gions voisines},
  Author                   = {Jaccard, Paul},
  Journal                  = {Bulletin de la Société Vaudoise des Sciences Naturelles},
  Year                     = {1901},
  Pages                    = {241--272},
  Volume                   = {37},
  Url                      = {https://core.ac.uk/download/pdf/20654241.pdf}
}

@Article{Jaro:1989,
  Title                    = {Advances in record linkage methodology as applied to the 1985 census of Tampa Florida},
  Author                   = {Jaro, {Matthew A.}},
  Journal                  = {Journal of the American Statistical Association},
  Year                     = {1989},
  Number                   = {406},
  Pages                    = {414--420},
  Volume                   = {84},

  Doi                      = {10.1080/01621459.1989.10478785}
}

@TechReport{Jenkins:2005,
  Title                    = {Conservative stemming for search and indexing},
  Author                   = {Jenkins, Marie-Claire and Smith, Dan},
  Institution              = {University of East-Anglia},
  Year                     = {2005},

  Address                  = {Norwich, UK},

  Url                      = {http://lemur.cmp.uea.ac.uk/Research/stemmer/stemmer25feb.pdf}
}

@InProceedings{Jiminez:2013,
  Title                    = {{SOFTCARDINALITY-CORE}: Improving Text Overlap with Distributional Measures for Semantic Textual Similarity},
  Author                   = {Jiminez, Sergio and Becerra, Claudio and Gelbukh, Alexander},
  Booktitle                = {Second Joint Conference on Lexical and Computational Semantics (*SEM), Volume 1: Proceedings of the Main Conference and the Shared Task},
  Year                     = {2013},

  Address                  = {Atlanta, GA},
  Month                    = jun,
  Pages                    = {194--201},
  Publisher                = {Association for Computational Linguistics},

  Url                      = {http://www.aclweb.org/anthology/S13-1028}
}

@InBook{Knuth:1998,
  Title                    = {The Art of Computer Programming: Volume 3, Sorting and Searching},
  Author                   = {Knuth, {Donald E.}},
  Pages                    = {394},
  Publisher                = {Addison-Wesley},
  Year                     = {1998}
}

@Misc{Kollar:2007,
  Title                    = {Text::Phonetic::Phonix},

  Author                   = {Koll{\'{a}}r, Maro{\v{s}}},

  Url                      = {https://github.com/maros/Text-Phonetic/blob/master/lib/Text/Phonetic/Phonix.pm}
}

@InProceedings{Koneru:2017,
  Title                    = {Privacy Preserving Record Linkage Using MetaSoundex Algorithm},
  Author                   = {Koneru, Kerrthi and Varol, Cihan},
  Booktitle                = {2017 16th IEEE International Conference on Machine Learning and Applications (ICMLA)},
  Year                     = {2017},
  Month                    = dec,
  Pages                    = {443--447},
  Doi                      = {10.1109/ICMLA.2017.0-121},
  Url                      = {https://ieeexplore.ieee.org/document/8260671/}
}

@Misc{Kuhn:1995,
  Title                    = {Metaphone searches},
  Author                   = {Kuhn, Michael},
  Month                    = nov,
  Year                     = {1995},
  Url                      = {http://aspell.net/metaphone/metaphone-kuhn.txt}
}

@Article{Legare:1972,
  Title                    = {The Early Canadian Population: Problems in Automatic Record Linkage},
  Author                   = {L{\'{e}}gar{\'{e}}, Jacques and Lavoie, Yolande and Charbonneau, Hubert},
  Journal                  = {Canadian Historical Review},
  Year                     = {1972},
  Month                    = dec,
  Number                   = {4},
  Pages                    = {427--442},
  Volume                   = {53},
  Doi                      = {10.3138/CHR-053-04-03}
}

@TechReport{Lait:1996,
  Title                    = {An Assessment of Name Matching Algorithms},
  Author                   = {Lait, {Andrew J.} and Randell, Brian},
  Institution              = {University of Newcastle upon Tyne},
  Year                     = {1996},
  Address                  = {Newcastle upon Tyne, UK},

  Url                      = {http://homepages.cs.ncl.ac.uk/brian.randell/Genealogy/NameMatching.pdf}
}

@Misc{Lang:2013,
  Title                    = {Inner wworking of the German Analyzer in Lucene},

  Author                   = {Lang, Joerg},
  Month                    = nov,
  Year                     = {2013},

  Url                      = {http://www.evelix.ch/unternehmen/Blog/evelix/2013/11/11/inner-workings-of-the-german-analyzer-in-lucene}
}

@Article{Levenshtein:1966,
  Title                    = {Binary codes capable of correcting deletions, insertions, and reversals},
  Author                   = {Levenshtein, {Vladimir I.}},
  Journal                  = {Soviet Physics Doklady},
  Year                     = {1966},

  Month                    = feb,
  Number                   = {8},
  Pages                    = {707--710},
  Volume                   = {10},

  Url                      = {https://nymity.ch/sybilhunting/pdf/Levenshtein1966a.pdf}
}

@Article{Lovins:1968,
  Title                    = {Development of a Stemming Algorithm},
  Author                   = {Lovins, {Julie Beth}},
  Journal                  = {Mechanical Translation and Computational Linguistics},
  Year                     = {1968},

  Month                    = jun,
  Number                   = {1--2},
  Pages                    = {22--31},
  Volume                   = {11},

  Url                      = {http://www.mt-archive.info/MT-1968-Lovins.pdf}
}

@TechReport{Lynch:1977,
  Title                    = {Selection of a Surname Coding Procedure for the SRS Record Linkage System},
  Author                   = {Lynch, {Billy T.} and Arends, {William L.}},
  Institution              = {Statistical Reporting Service, US Department of Agriculture},
  Year                     = {1977},

  Address                  = {Washington, D.C.},
  Month                    = feb,

  Url                      = {https://naldc.nal.usda.gov/download/27833/PDF}
}

@Misc{Marcelino:2015,
  Title                    = {SoundexBR: Soundex (Phonetic) Algorithm For {Brazil}ian Portuguese},

  Author                   = {Marcelino, Daniel},
  Month                    = {{jul}},
  Year                     = {2015},

  Url                      = {https://github.com/danielmarcelino/SoundexBR}
}

@Misc{Michael:2007,
  Title                    = {phonet.c},

  Author                   = {Michael, J{\"{o}}rg},
  Month                    = aug,
  Year                     = {2007},

  Url                      = {ftp://ftp.heise.de/pub/ct/listings/phonet.zip}
}

@Article{Michael:1999,
  Title                    = {Doppelg{\"{a}}nger gesucht -- Ein Programm f{\"{u}}r die kontextsensitive phonetische Stringumwandlung},
  Author                   = {Michael, J{\"{o}}rg},
  Journal                  = {c't Magazin für Computer Technik},
  Year                     = {1999},
  Number                   = {25},
  Pages                    = {252},

  Url                      = {http://www.heise.de/ct/ftp/99/25/252/}
}

@Book{Minkowski:1910,
  Title                    = {Geometrie der Zahlen},
  Author                   = {Minkowski, Hermann},
  Publisher                = {R. G. Teubner},
  Year                     = {1910},

  Address                  = {Leipzig},

  Url                      = {https://archive.org/stream/geometriederzahl00minkrich}
}

@Misc{Mokotoff:1997,
  Title                    = {Soundexing and Genealogy},

  Author                   = {Mokotoff, Gary},
  Year                     = {1997},

  Organization             = {Avotaynu},
  Url                      = {http://www.avotaynu.com/soundex.htm}
}

@InProceedings{Monge:1996,
  Title                    = {The Field Matching Problem: Algorithms and Applications},
  Author                   = {Monge, {Alvaro E.} and Elkan, {Charles P.}},
  Booktitle                = {Proceedings of the Second International Conference on Knowledge Discovery and Data Mining},
  Year                     = {1996},
  Pages                    = {267--270},
  Publisher                = {AAAI Press},
  Series                   = {KDD'96},

  Acmid                    = {3001516},
  Location                 = {Portland, Oregon},
  Numpages                 = {4},
  Url                      = {http://dl.acm.org/citation.cfm?id=3001460.3001516}
}

@Book{Moore:1977,
  Title                    = {Accessing Individual Records from Personal Data Files Using Non-Unique Identifiers},
  Author                   = {Moore, {Gwendolyn B.} and Kuhns, {John L.} and Trefftzs, {Jeffrey L.} and Montgomery, {Christine A.}},
  Publisher                = {National Bureau of Standards},
  Year                     = {1977},

  Address                  = {Washington, D.C.},
  Month                    = feb,
  Number                   = {500-2},
  Series                   = {Special Publication},

  Url                      = {https://archive.org/details/accessingindivid00moor}
}

@InProceedings{Mosquera:2012,
  Title                    = {Towards Facilitating the Accessibility of Web 2.0~{T}exts through Text Normalisation},
  Author                   = {Mosquera, Alejandro and Lloret, Elena and Moreda, Paloma},
  Booktitle                = {Proceedings of the LREC workshop: Natural Language Processing for Improving Textual Accessibility (NLP4ITA) ; Istanbul, Turkey.},
  Year                     = {2012},
  Pages                    = {9--14},

  Url                      = {http://www.taln.upf.edu/pages/nlp4ita/pdfs/mosquera-nlp4ita2012.pdf}
}

@Article{Navarro:2001,
  Title                    = {A Guided Tour to Approximate String Matching},
  Author                   = {Navarro, Gonzalo},
  Journal                  = {ACM Computing Surveys},
  Year                     = {2001},

  Month                    = mar,
  Number                   = {1},
  Pages                    = {31--88},
  Volume                   = {33},

  Acmid                    = {375365},
  Address                  = {New York, NY, USA},
  Doi                      = {10.1145/375360.375365},
  ISSN                     = {0360-0300},
  Issue_date               = {March 2001},
  Keywords                 = {Levenshtein distance, edit distance, online string matching, text searching allowing errors},
  Numpages                 = {58},
  Publisher                = {ACM}
}

@Article{Needleman:1970,
  Title                    = {A general method applicable to the search for similarities in the amino acid sequence of two proteins},
  Author                   = {Needleman, {Saul B.} and Wunsch, {Christian D.}},
  Journal                  = {Journal of Molecular Biology},
  Year                     = {1970},
  Number                   = {3},
  Pages                    = {443--453},
  Volume                   = {48},

  Doi                      = {10.1016/0022-2836(70)90057-4},
  ISSN                     = {0022-2836},
  Url                      = {http://www.sciencedirect.com/science/article/pii/0022283670900574}
}

@Article{Ochiai:1957,
  Title                    = {Zoogeographical studies on the soleoid fishes found in {Japan} and its neighhouring regions-II},
  Author                   = {Ochiai, Akira},
  Journal                  = {Bulletin of the Japanese Society of Scientific Fisheries},
  Year                     = {1957},
  Number                   = {9},
  Pages                    = {526--530},
  Volume                   = {22},

  Doi                      = {10.2331/suisan.22.526},
  Url                      = {https://www.jstage.jst.go.jp/article/suisan1932/22/9/22_9_526/_pdf/-char/en}
}

@Misc{OpenRefine:2012,
  Title                    = {Clustering In Depth},

  Author                   = {OpenRefine},
  Year                     = {2012},

  Organization             = {OpenRefine},
  Url                      = {https://github.com/OpenRefine/OpenRefine/wiki/Clustering-In-Depth}
}

@Article{Otsuka:1936,
  Title                    = {The faunal character of the {Japan}ese Pleistocene marine Mollusca, as evidence of the climate having become colder during the Pleistocene in {Japan}},
  Author                   = {Otsuka, Yanosuke},
  Journal                  = {Bulletin of the Biogeographical Society of Japan},
  Year                     = {1936},
  Number                   = {16},
  Pages                    = {165--170},
  Volume                   = {6}
}

@InProceedings{Paice:1990,
  Title                    = {Another stemmer},
  Author                   = {Paice, {Chris D.}},
  Booktitle                = {ACM SIGIR Forum},
  Year                     = {1990},
  Month                    = {Fall},
  Number                   = {3},
  Pages                    = {56--61},
  Volume                   = {24},

  Doi                      = {10.1145/101306.101310.},
  Url                      = {https://dl.acm.org/citation.cfm?id=101310}
}

@Article{Parmar:2014,
  Title                    = {Study Existing Various Phonetic Algorithms and Designing and Development of a working model for the New Developed Algorithm and Comparison by implementing ti with Existing Algorithm(s)},
  Author                   = {Parmar, {Vimal P.} and Kumbharana, {CK}},
  Journal                  = {International Journal of Computer Applications},
  Year                     = {2014},
  Number                   = {19},
  Pages                    = {45--49},
  Volume                   = {98},

  Doi                      = {10.5120/17295-7795}
}

@Misc{Pfeifer:2000,
  Title                    = {WAIT 1.8 - soundex.c},

  Author                   = {Pfeifer, Ulrich},
  Year                     = {2000},

  Url                      = {https://fastapi.metacpan.org/source/ULPFR/WAIT-1.800/soundex.c}
}

@Article{Philips:2000,
  Title                    = {The Double Metaphone Search Algorithm},
  Author                   = {Philips, Lawrence},
  Journal                  = {C/C++ Users Journal},
  Year                     = {2000},

  Month                    = jun,
  Number                   = {6},
  Pages                    = {38--43},
  Volume                   = {18}
}

@Misc{Philips:1990,
  Title                    = {Metaphone},

  Author                   = {Philips, Lawrence},
  Month                    = dec,
  Year                     = {1990},

  Url                      = {http://aspell.net/metaphone/metaphone.basic}
}

@Article{Philips:1990b,
  Title                    = {Hanging on the Metaphone},
  Author                   = {Philips, Lawrence},
  Journal                  = {Computer Language Magazine},
  Year                     = {1990},

  Month                    = dec,
  Number                   = {12},
  Pages                    = {39--44},
  Volume                   = {7}
}

@Misc{Plique:2018,
  Title                    = {Talisman},

  Author                   = {Plique, Guillaume},
  Year                     = {2018},

  Url                      = {https://github.com/Yomguithereal/talisman}
}

@Article{Pollock:1984,
  Title                    = {Automatic Spelling Correction in Scientific and Scholarly Text},
  Author                   = {Pollock, {Joseph J.} and Zamora, Antonio},
  Journal                  = {Communications of the ACM},
  Year                     = {1984},

  Month                    = apr,
  Number                   = {4},
  Pages                    = {358--368},
  Volume                   = {27},

  Acmid                    = {358048},
  Address                  = {New York, NY, USA},
  Doi                      = {10.1145/358027.358048},
  ISSN                     = {0001-0782},
  Issue_date               = {April 1984},
  Keywords                 = {dictionary lookup, similarity keys, spelling correction},
  Numpages                 = {11},
  Publisher                = {ACM},
  Url                      = {http://dl.acm.org/citation.cfm?id=358048}
}

@Misc{Porter:2002,
  Title                    = {The English (Porter2) stemming algorithm},

  Author                   = {Porter, {Martin F.}},
  Month                    = sep,
  Year                     = {2002},

  Url                      = {http://snowball.tartarus.org/algorithms/english/stemmer.html}
}

@Article{Porter:1980,
  Title                    = {An algorithm for suffix stripping},
  Author                   = {Porter, {Martin F.}},
  Journal                  = {Program},
  Year                     = {1980},

  Month                    = jul,
  Number                   = {3},
  Pages                    = {130--137},
  Volume                   = {14},

  Doi                      = {10.1108/eb046814},
  Url                      = {http://snowball.tartarus.org/algorithms/porter/stemmer.html}
}

@Article{Postel:1969,
  Title                    = {Die K{\"{o}}lner Phonetik: Ein Verfahren zur Identifizierung von Personennamen auf der Grundlage der Gestaltanalyse},
  Author                   = {Postel, {Hans Joachim}},
  Journal                  = {IBM-Nachrichten},
  Year                     = {1969},
  Pages                    = {925--931},
  Volume                   = {19}
}

@Misc{Prante:2015,
  Title                    = {elasticsearch -- HaasePhonetik.java},

  Author                   = {Prante, J{\"{o}}rg},
  Year                     = {2015},

  Url                      = {https://github.com/elastic/elasticsearch/blob/master/plugins/analysis-phonetic/src/main/java/org/elasticsearch/index/analysis/phonetic/HaasePhonetik.java}
}

@Article{Ratcliff:1988,
  Title                    = {Pattern Matching: the Gestalt Approach},
  Author                   = {Ratcliff, {John W.} and Metzener, {David E.}},
  Journal                  = {Dr. Dobbs Journal},
  Year                     = {1988},

  Url                      = {http://www.drdobbs.com/database/pattern-matching-the-gestalt-approach/184407970}
}

@Misc{Repici:2013,
  Title                    = {Understanding Classic SoundEx Algorithms},

  Author                   = {Repici, {Dominic John}},
  Year                     = {2013},

  Organization             = {Crativyst},
  Url                      = {http://creativyst.com/Doc/Articles/SoundEx1/SoundEx1.htm#SoundExAndCensus}
}

@InProceedings{Ring:2009,
  Title                    = {Finding `Lucy in Disguise': The Misheard Lyric Matching Problem},
  Author                   = {Ring, Nicholas and Uitdenbogerd, {Alexandra L.}},
  Booktitle                = {Information Retrieval Technology},
  Year                     = {2009},

  Address                  = {Berlin, Heidelberg},
  Editor                   = {Lee, {Gary Geunbae} and Song, Dawei and Lin, Chin-Yew and Aizawa, Akiko and Kuriyama, Kazuko and Yoshioka, Masaharu and Sakai, Tetsuya},
  Pages                    = {157--167},
  Publisher                = {Springer Berlin Heidelberg},

  Doi                      = {10.1007/978-3-642-04769-5_14},
  ISBN                     = {978-3-642-04769-5}
}

@InProceedings{Robinson:1967,
  Title                    = {Results of a prototype television bandwidth compression scheme},
  Author                   = {Robinson, {A. H.} and Cherry, Colin},
  Booktitle                = {Proceedings of the IEEE},
  Year                     = {1967},
  Number                   = {3},
  Organization             = {IEEE},
  Pages                    = {356--364},
  Volume                   = {55},

  Doi                      = {10.1109/PROC.1967.5493}
}

@Misc{Rukasz:2018,
  Title                    = {PPRL -- Privacy Preserving Record Linkage},

  Author                   = {Rukasz, Dorothea},
  Year                     = {2018},

  Url                      = {https://github.com/cran/PPRL}
}

@Misc{Russell:1917,
  Title                    = {Index},
  Author                   = {Russell, {Robert C.}},
  Year                     = {1918},
  Nationality              = {US},
  Number                   = {1261167},
  Url                      = {https://patentimages.storage.googleapis.com/31/35/a1/f697a3ab85ced6/US1261167.pdf},
  Yearfiled                = {1917}
}

@Article{Sorensen:1948,
  Title                    = {A method of establishing groups of equal amplitude in plant sociology based on similarity of species and its application to analyses of the vegetation on Danish commons},
  Author                   = {S{\o}rensen, Thorvald},
  Journal                  = {Kongelige Danske Videnskabernes Selskab},
  Year                     = {1948},
  Number                   = {4},
  Pages                    = {1--34},
  Volume                   = {5},

  Url                      = {http://www.royalacademy.dk/Publications/High/295_S%C3%B8rensen,%20Thorvald.pdf}
}

@Misc{Savoy:2005,
  Title                    = {{IR} Multilingual Resources at UniNE},

  Author                   = {Savoy, Jacques},
  Year                     = {2005},

  Address                  = {Neuchatel},
  Organization             = {University of Neuchatel},
  Url                      = {http://members.unine.ch/jacques.savoy/clef/}
}

@Article{Schinke:1996,
  Title                    = {A Stemming Algorithm for Latin Text Databases},
  Author                   = {Schinke, Robyn and Greengrass, Mark and Robertson, {Alexander M.} and Willett, Peter},
  Journal                  = {Journal of Documentation},
  Year                     = {1996},
  Number                   = {2},
  Pages                    = {172--187},
  Volume                   = {52},

  Doi                      = {10.1108/eb026966}
}

@Article{Schnell:2004,
  Title                    = {A Toolbox for record linkage},
  Author                   = {Schnell, Rainer and Bachteler, Tobias and Bender, Stefan},
  Journal                  = {Australian Journal of Statistics},
  Year                     = {2004},
  Number                   = {1-2},
  Pages                    = {125--133},
  Volume                   = {33},

  Url                      = {https://pdfs.semanticscholar.org/2353/21c24ed0401cd05d7752c2c8a8da5b7a4dc0.pdf}
}

@Article{Shannaq:2010,
  Title                    = {Using Product Similarity for Adding Business},
  Author                   = {Shannaq, {Boumedyen A. N.} and Alexandrov, {Victor V.}},
  Journal                  = {Global Journal of Computer Science and Technology},
  Year                     = {2010},

  Month                    = oct,
  Number                   = {12},
  Pages                    = {2--8},
  Volume                   = {10},

  Url                      = {https://www.sial.iias.spb.su/files/386-386-1-PB.pdf}
}

@Article{Simpson:1949,
  Title                    = {Measurement of Diversity},
  Author                   = {Simpson, {Edward H.}},
  Journal                  = {Nature},
  Year                     = {1949},

  Month                    = apr,
  Pages                    = {688},
  Volume                   = {163},

  Doi                      = {10.1038/163688a0},
  Url                      = {https://www.nature.com/articles/163688a0}
}

@Misc{Sjoo:2009,
  Title                    = {SwamiSfinxBix},

  Author                   = {Sj{\"{o}}{\"{o}}, Allan},
  Year                     = {2009},

  Address                  = {Uppsala},
  Organization             = {Uppsala universitet},
  Url                      = {http://www.swami.se/download/18.248ad5af12aa8136533800093/swamiSfinxBis.java.txt}
}

@Article{Smith:1981,
  Title                    = {Identification of common molecular subsequences},
  Author                   = {Smith, {Temple F.} and Waterman, {Michael S.}},
  Journal                  = {Journal of Molecular Biology},
  Year                     = {1981},
  Number                   = {1},
  Pages                    = {195--197},
  Volume                   = {147},

  Doi                      = {10.1016/0022-2836(81)90087-5},
  ISSN                     = {0022-2836},
  Url                      = {http://www.sciencedirect.com/science/article/pii/0022283681900875}
}

@Misc{Song:2011,
  Title                    = {Typo-Distance},

  Author                   = {Song, Wayne},
  Year                     = {2011},

  Url                      = {https://github.com/wsong/Typo-Distance}
}

@Misc{Stern:2014,
  Title                    = {DamerauLevenshteinAlgorithm.java},

  Author                   = {Stern, {Kevin L.}},
  Year                     = {2014},

  Url                      = {https://github.com/KevinStern/software-and-algorithms/blob/master/src/main/java/blogspot/software_and_algorithms/stern_library/string/DamerauLevenshteinAlgorithm.java}
}

@Article{Szymkiewicz:1934,
  Title                    = {Une contribution statistique {\`{a}} la g{\'{e}}ographie floristique},
  Author                   = {Szymkiewicz, Dezydery},
  Journal                  = {Acta Societatis Botanicorum Poloniae},
  Year                     = {1934},
  Number                   = {3},
  Pages                    = {249--265},
  Volume                   = {11},

  Doi                      = {10.5586/asbp.1934.012},
  Url                      = {https://pbsociety.org.pl/journals/index.php/asbp/article/download/asbp.1934.012/6710}
}

@Book{Taft:1970,
  Title                    = {Name Search Techniques},
  Author                   = {Taft, {Robert L.}},
  Publisher                = {Bureau of Systems Development, New York State Identification and Intelligence System},
  Year                     = {1970},
  Series                   = {Special report (New York State Identification and Intelligence System)},

  Lccn                     = {76635950}
}

@TechReport{Tanimoto:1958,
  Title                    = {An Elementary Mathematical theory of Classification and Prediction},
  Author                   = {Tanimoto, {T. T.}},
  Institution              = {IBM},
  Year                     = {1958}
}

@Misc{Ticki:2016,
  Title                    = {Eudex: A blazingly fast phonetic reduction/hashing algorithm},

  Author                   = {Ticki},

  Url                      = {https://github.com/ticki/eudex}
}

@Misc{Ticki:2016b,
  Title                    = {The Eudex Algorithm},

  Author                   = {Ticki},
  Month                    = dec,
  Year                     = {2016},

  Url                      = {http://ticki.github.io/blog/the-eudex-algorithm/}
}

@Article{Tversky:1977,
  Title                    = {Features of Similarity},
  Author                   = {Tversky, Amos},
  Journal                  = {Psychological Review},
  Year                     = {1977},
  Number                   = {4},
  Pages                    = {327--352},
  Volume                   = {84},

  Doi                      = {10.1037/0033-295x.84.4.327},
  Url                      = {http://www.cogsci.ucsd.edu/~coulson/203/tversky-features.pdf}
}

@Misc{US:2007,
  Title                    = {Soundex System: The Soundex Indexing System},
  Author                   = {{United States}},
  Year                     = {2007},
  Address                  = {Washington, D.C.},
  Organization             = {National Archives and Records Administration},
  Url                      = {https://www.archives.gov/research/census/soundex.html}
}

@Book{US:1997,
  Title                    = {Using the Census Soundex},
  Author                   = {{United States}},
  Publisher                = {National Archives and Records Administration},
  Year                     = {1997},

  Address                  = {Washington, D.C.},
  Number                   = {55},
  Series                   = {General Information Leaflet},

  Url                      = {https://hdl.handle.net/2027/pur1.32754067050041}
}

@Article{Varol:2012,
  Title                    = {Hybrid Matching Algorithm for Personal Names},
  Author                   = {Varol, Cihan and Bayrak, Coskun},
  Journal                  = {Journal of Data and Information Quality},
  Year                     = {2012},

  Month                    = sep,
  Number                   = {4},
  Pages                    = {8:1--8:18},
  Volume                   = {3},

  Acmid                    = {2348830},
  Address                  = {New York, NY, USA},
  Articleno                = {8},
  Doi                      = {10.1145/2348828.2348830},
  ISSN                     = {1936-1955},
  Issue_date               = {September 2012},
  Keywords                 = {Data quality, edit-distance, information quality, phonetic strategy, spelling correction},
  Numpages                 = {18},
  Publisher                = {ACM}
}

@TechReport{Reth:1977,
  Title                    = {Eine Zugriffsmethode f{\"{u}}r die phonetische {\"{A}}hnlichkeitssuche},
  Author                   = {{von Reth}, Hans-Peter and Schek, Hans-J{\"{o}}rg},
  Institution              = {IBM Deutschland GmbH.},
  Year                     = {1977},
  Number                   = {77.03.002},

  Series                   = {Heidelberg Scientific Center technical reports}
}

@Article{Wagner:1974,
  Title                    = {The String-to-String Correction Problem},
  Author                   = {Wagner, {Robert A.} and Fischer, {Michael J.}},
  Journal                  = {Journal of the ACM},
  Year                     = {1974},

  Month                    = jan,
  Number                   = {1},
  Pages                    = {168--173},
  Volume                   = {21},

  Acmid                    = {321811},
  Address                  = {New York, NY, USA},
  Doi                      = {10.1145/321796.321811},
  ISSN                     = {0004-5411},
  Issue_date               = {Jan. 1974},
  Numpages                 = {6},
  Publisher                = {ACM}
}

@Misc{Wikibooks:2018,
  Title                    = {Algorithm Implementation/Strings/Longest common substring},

  Author                   = {Wikibooks},
  Year                     = {2018},

  Url                      = {https://en.wikibooks.org/wiki/Algorithm_Implementation/Strings/Longest_common_substring#Python}
}

@MastersThesis{Wilz:2005,
  Title                    = {Aspekte der Kodierung phonetischer {\"{A}}hnlichkeiten in deutschen Eigennamen},
  Author                   = {Wilz, Martin},
  School                   = {Universität zu Köln},
  Year                     = {2005},

  Address                  = {Köln},

  Url                      = {http://ifl.phil-fak.uni-koeln.de/sites/linguistik/Phonetik/import/Phonetik_Files/Allgemeine_Dateien/Martin_Wilz.pdf}
}

@TechReport{Winkler:1990,
  Title                    = {String Comparator Metrics and Enhanced Decision Rules in the Fellegi-Sunter Model of Record Linkage},
  Author                   = {Winkler, {William E.}},
  Institution              = {U.S. Bureau of the Census, Statistical Research Division},
  Year                     = {1990},

  Address                  = {Washington, D.C.},

  Journal                  = {Proceedings of the Section on Survey Research Methods},
  Url                      = {https://files.eric.ed.gov/fulltext/ED325505.pdf}
}

@Misc{Winkler:1994,
  Title                    = {strcmp95.c},

  Author                   = {Winkler, {William E.} and McLaughlin, George and Jaro, {Matthew A.} and Lync, Maureen},
  Month                    = jan,
  Year                     = {1994},

  Url                      = {https://web.archive.org/web/20110629121242/http://www.census.gov/geo/msb/stand/strcmp.c}
}

@Misc{Zackwehdex:2014,
  Title                    = {Super Fast and Accurate string distance algorithm: Sift4},

  Author                   = {Zackwehdex, Siderite},
  Year                     = {2014},

  Url                      = {https://siderite.blogspot.com/2014/11/super-fast-and-accurate-string-distance.html}
}

@Misc{Zedlitz:2015,
  Title                    = {phonet4java Phonet.java},

  Author                   = {Zedlitz, Jesper},
  Year                     = {2015},

  Url                      = {https://github.com/jze/phonet4java/blob/master/src/main/java/de/zedlitz/phonet4java/Phonet.java}
}

@InProceedings{Zobel:1996,
  Title                    = {Phonetic String Matching: Lessons from Information Retrieval},
  Author                   = {Zobel, Justin and Dart, Philip},
  Booktitle                = {Proceedings of the 19th Annual International ACM SIGIR Conference on Research and Development in Information Retrieval},
  Year                     = {1996},

  Address                  = {New York, NY, USA},
  Pages                    = {166--172},
  Publisher                = {ACM},
  Series                   = {SIGIR '96},

  Acmid                    = {243258},
  Doi                      = {10.1145/243199.243258},
  ISBN                     = {0-89791-792-8},
  Location                 = {Zurich, Switzerland},
  Numpages                 = {7}
}

@Article{Levenshtein:1965,
  Title                    = {Двоичные {\cyrchar\cyrk}оды с исправлением выпадений, вставо{\cyrchar\cyrk} и замещений символов},
  Author                   = {Левенштейн, {Влади́мир И.}},
  Journal                  = {Доклады Академий Наук СCCP},
  Year                     = {1965},
  Number                   = {4},
  Pages                    = {845--848},
  Volume                   = {163},

  Url                      = {http://mi.mathnet.ru/dan31411}
}

